<?xml version="1.0" encoding="UTF-8"?><record xmlns="http://www.loc.gov/MARC21/slim" xmlns:cinclude="http://apache.org/cocoon/include/1.0" xmlns:zs="http://www.loc.gov/zing/srw/">
  <leader>00330nz  a2200121n  4500</leader>
  <controlfield tag="001">n 2004027662</controlfield>
  <controlfield tag="003">DLC</controlfield>
  <controlfield tag="005">20040218102611.0</controlfield>
  <controlfield tag="008">040218n| acannaabn          |n aaa      </controlfield>
  <datafield tag="010" ind1=" " ind2=" ">
    <subfield code="a">n 2004027662</subfield>
  </datafield>
  <datafield tag="040" ind1=" " ind2=" ">
    <subfield code="a">DLC</subfield>
    <subfield code="b">eng</subfield>
    <subfield code="c">DLC</subfield>
  </datafield>
  <datafield tag="100" ind1="1" ind2=" ">
    <subfield code="a">Rubino, Sergio</subfield>
  </datafield>
  <datafield tag="670" ind1=" " ind2=" ">
    <subfield code="a">Fiorello, Rosario. Uno eĚ famoso, l'altro no, 2002:</subfield>
    <subfield code="b">t.p. (Sergio Rubino)</subfield>
  </datafield>
</record>